<?xml version="1.0" encoding="UTF-8"?><record xmlns="http://www.loc.gov/MARC21/slim" xmlns:cinclude="http://apache.org/cocoon/include/1.0" xmlns:zs="http://www.loc.gov/zing/srw/">
  <leader>00684cz  a2200169n  4500</leader>
  <controlfield tag="001">n  86801024 </controlfield>
  <controlfield tag="003">DLC</controlfield>
  <controlfield tag="005">20150409073740.0</controlfield>
  <controlfield tag="008">860110n| azannaabn          |a aaa      </controlfield>
  <datafield tag="010" ind1=" " ind2=" ">
    <subfield code="a">n  86801024 </subfield>
  </datafield>
  <datafield tag="035" ind1=" " ind2=" ">
    <subfield code="a">(OCoLC)oca01466194</subfield>
  </datafield>
  <datafield tag="040" ind1=" " ind2=" ">
    <subfield code="a">DLC</subfield>
    <subfield code="b">eng</subfield>
    <subfield code="e">rda</subfield>
    <subfield code="c">DLC</subfield>
    <subfield code="d">DLC</subfield>
    <subfield code="d">DNLM</subfield>
  </datafield>
  <datafield tag="100" ind1="1" ind2=" ">
    <subfield code="a">Pierce, Benjamin A.</subfield>
  </datafield>
  <datafield tag="400" ind1="1" ind2=" ">
    <subfield code="a">Pierce, Ben</subfield>
  </datafield>
  <datafield tag="670" ind1=" " ind2=" ">
    <subfield code="a">nuc86-2580: His The relationship of electrophoretically detectable protein variation ... 1980</subfield>
    <subfield code="b">(hdg. on CoU rept.: Pierce, Benjamin A.; usage: Benjamin A. Pierce)</subfield>
  </datafield>
  <datafield tag="670" ind1=" " ind2=" ">
    <subfield code="a">His The family genetic sourcebook, 1989, c1990:</subfield>
    <subfield code="b">CIP t.p. (Benjamin A. Pierce)</subfield>
  </datafield>
  <datafield tag="670" ind1=" " ind2=" ">
    <subfield code="a">Russell, P. J. Fundamentals of genetics, c1994:</subfield>
    <subfield code="b">CIP t.p. (Ben Pierce)</subfield>
  </datafield>
</record>